
% ?/oxygen_isotope
@article {beard_k_09,
  title={Strong Inference for Systems Biology},
  author={Beard, D. and Kushmerick, M.},
  journal={PLoS Comput. Biol.},
  issn={1553-734X},
  volume={5},
  number={8},
  year={2009},
  pages={e1000459},
  doi={10.1371/journal.pcbi.1000459},
  pubmed={19714210
PMCID: 2724742}
}

% ?/oxygen_isotope
@article {brown_bh_89,
  title={{VODE}: A Variable-Coefficient {ODE} Solver},
  author={Brown, P. and Byrne, G. and Hindmarsh, A.},
  journal={SIAM J. Sci. Stat. Comput.},
  issn={0196-5204},
  volume={10},
  year={1989},
  pages={1038},
  doi={10.1137/0910062}
}

% ?/oxygen_isotope
@article {boyer_lf_56,
  title={$^{18}\hspace{-0.04cm}${O} and $^{32}\hspace{-0.04cm}${P} Exchange reactions of mitochondria in relation to oxidative phosphorylation},
  author={Boyer, P. D. and Luchsinger, W. W. and Falcone, A. B.},
  journal={J. Biol. Chem.},
  issn={0021-9258},
  volume={223},
  number={1},
  year={1956},
  pages={405 -421},
  url={http://www.jbc.org/content/223/1/405.short}
}

% ?/oxygen_isotope
@article {peter_09,
  title={{F2PY}: a tool for connecting Fortran and Python programs},
  author={Peterson, P.},
  journal={Int. J. Comput. Sci. Eng.},
  volume={4},
  number={4},
  year={2009},
  pages={296 - 305},
  doi={10.1504/IJCSE.2009.029165}
}

% ?/oxygen_isotope
@article {berki_wmsb_91,
  title={Rates of various reactions catalyzed by {ATP} synthase as related to the mechanism of {ATP} synthesis},
  author={Berkich, D. and Williams, G. and Masiakos, P. and Smith, M. and Boyer, P. and Lanoue, K.},
  journal={J. Biol. Chem.},
  issn={0021-9258},
  volume={266},
  number={1},
  year={1991},
  pages={123-129},
  url={http://www.ncbi.nlm.nih.gov/pubmed/1824691},
  pubmed={1824691}
}

% ?/oxygen_isotope
@article {spenc_bli_88,
  title={{ATP} synthesis and degradation rates in the perfused rat heart. $^{31}\hspace{-0.04cm}${P}-nuclear magnetic resonance double saturation transfer measurements},
  author={Spencer, R. G. and Balschi, J. A. and Leigh{ Jr.}, J. S. and Ingwall, J. S.},
  journal={Biophys. J.},
  issn={0006-3495},
  volume={54},
  number={5},
  year={1988},
  pages={921-929},
  doi={10.1016/S0006-3495(88)83028-5}
}

% ?/oxygen_isotope
@article {wiech_g_97,
  title={Bidirectional reaction steps in metabolic networks: I. Modeling and simulation of carbon isotope labeling experiments},
  author={Wiechert, W. and de Graaf, A.},
  journal={Biotechnol. Bioeng.},
  issn={0006-3592},
  volume={55},
  number={1},
  year={1997},
  pages={101-117},
  doi={10.1002/(SICI)1097-0290(19970705)55:1<101::AID-BIT12>3.0.CO;2-P},
  pubmed={18636449}
}

% ?/oxygen_isotope
@article {joube_hm_01,
  title={Discrimination of Cardiac Subcellular Creatine Kinase Fluxes by {NMR} Spectroscopy: A New Method of Analysis},
  author={Joubert, F. and Hoerter, J. and Mazet, J.},
  journal={Biophys. J.},
  issn={0006-3495},
  volume={81},
  number={6},
  year={2001},
  pages={2995-3004},
  doi={10.1016/S0006-3495(01)75940-1}
}

% ?/oxygen_isotope
@article {saks_kaua_03,
  title={Heterogeneity of {ADP} Diffusion and Regulation of Respiration in Cardiac Cells},
  author={Saks, V. and Kuznetsov, A. and Andrienko, T. and Usson, Y. and Appaix, F. and Guerrero, K. and Kaambre, T. and Sikk, P. and Lemba, M. and Vendelin, M.},
  journal={Biophys. J.},
  issn={0006-3495},
  volume={84},
  number={5},
  year={2003},
  pages={3436-3456},
  url={http://www.pubmedcentral.nih.gov/articlerender.fcgi?artid=1302901}
}

% ?/david_thesis
@article {ferna_l_11,
  title={Non-adaptive origins of interactome complexity},
  author={Fernandez, A. and Lynch, M.},
  journal={Nature},
  issn={0028-0836},
  volume={474},
  number={7352},
  year={2011},
  pages={502-505},
  doi={10.1038/nature09992}
}

% ?/oxygen_isotope
@article {vende_espa_04,
  title={Intracellular diffusion of adenosine phosphates is locally restricted in cardiac muscle},
  author={Vendelin, M. and Eimre, M. and Seppet, E. and Peet, N. and Andrienko, T. and Lemba, M. and Engelbrecht, J. and Seppet, E. and Saks, V.},
  journal={Mol. Cell. Biochem.},
  issn={0300-8177},
  volume={256-257},
  number={1},
  year={2004},
  pages={229-241},
  doi={10.1023/B:MCBI.0000009871.04141.64}
}

% ?/david_thesis
@article {lauzi_vgbb_11,
  title={Ivabradine reduces heart rate while preserving metabolic fluxes and energy status of healthy normoxic working hearts},
  author={Lauzier, B. and Vaillant, F. and G{\'e}linas, R. and Bouchard, B. and Brownsey, R. and Thorin, E. and Tardif, J. and Des Rosiers, C.},
  journal={Am. J. Physiol. Heart Circ. Physiol.},
  issn={0363-6135},
  volume={300},
  number={3},
  year={2011},
  pages={H845-852},
  doi={10.1152/ajpheart.01034.2010},
  pubmed={21257916}
}

% ?/david_thesis
@article {yang_fh_08,
  title={Hybrid optimization for $^{13}\hspace{-0.04cm}${C} metabolic flux analysis using systems parametrized by compactification},
  author={Yang, T. and Frick, O. and Heinzle, E.},
  journal={BMC Syst. Biol.},
  issn={1752-0509},
  volume={2},
  year={2008},
  pages={29},
  doi={10.1186/1752-0509-2-29},
  pubmed={18366780}
}

% ?/david_thesis
@article {metal_v_10,
  title={Metabolism strikes back: metabolic flux regulates cell signaling},
  author={Metallo, C. and Vander{ Heiden}, M.},
  journal={Genes Dev.},
  issn={0890-9369},
  volume={24},
  number={24},
  year={2010},
  pages={2717-2722},
  doi={10.1101/gad.2010510},
  pubmed={21159812}
}

% ?/david_thesis
@article {zhao_kghw_11,
  title={Cytosolic {NADPH} balancing in Penicillium chrysogenum cultivated on mixtures of glucose and ethanol},
  author={Zhao, Z. and Kuijvenhoven, K. and van Gulik, W. and Heijnen, J. and van Winden, W. and Verheijen, P.},
  journal={Appl. Microbiol. Biotechnol.},
  issn={0175-7598},
  volume={89},
  number={1},
  year={2011},
  pages={63-72},
  doi={10.1007/s00253-010-2851-5},
  pubmed={20809073}
}

% ?/david_thesis
@article {neuro_s_85,
  title={Carbon-13 and phosphorus-31 nuclear magnetic resonance studies of myocardial metabolism in live guinea pigs},
  author={Neurohr, K. and Shulman, R.},
  journal={Adv Myocardiol},
  issn={0270-4056},
  volume={6},
  year={1985},
  pages={185-193},
  url={http://www.ncbi.nlm.nih.gov/pubmed/2859645},
  pubmed={2859645}
}

% ?/david_thesis
@article {daune_10,
  title={From fluxes and isotope labeling patterns towards in silico cells},
  author={Dauner, M.},
  journal={Curr. Opin. Biotechnol.},
  issn={0958-1669},
  volume={21},
  number={1},
  year={2010},
  pages={55-62},
  doi={10.1016/j.copbio.2010.01.014},
  pubmed={20185292}
}

% ?/oxygen_isotope
@article {laasm_vp_11,
  title={Application of regularized {R}ichardson--{L}ucy algorithm for deconvolution of confocal microscopy images},
  author={Laasmaa, M. and Vendelin, M. and Peterson, P.},
  journal={J. Microsc.},
  issn={0022-2720},
  volume={243},
  number={2},
  year={2011},
  pages={124-140},
  doi={10.1111/j.1365-2818.2011.03486.x}
}

% ?/david_thesis
@article {snitk_s_11,
  title={Epistatic interaction maps relative to multiple metabolic phenotypes},
  author={Snitkin, E. and Segr{\`e}, D.},
  journal={PLoS Genet.},
  issn={1553-7390},
  volume={7},
  number={2},
  year={2011},
  pages={e1001294},
  doi={10.1371/journal.pgen.1001294},
  pubmed={21347328}
}

% ?/david_thesis
@article {aon_rcom_08,
  title={The scale-free dynamics of eukaryotic cells},
  author={Aon, M. and Roussel, M. and Cortassa, S. and O'Rourke, B. and Murray, D. and Beckmann, M. and Lloyd, D.},
  journal={PLoS ONE},
  issn={1932-6203},
  volume={3},
  number={11},
  year={2008},
  pages={e3624},
  doi={10.1371/journal.pone.0003624},
  pubmed={18982073}
}

% ?/david_thesis
@article {barre_hp_09,
  title={Decomposing complex reaction networks using random sampling, principal component analysis and basis rotation},
  author={Barrett, C. and Herrgard, M. and Palsson, B.},
  journal={BMC Syst. Biol.},
  issn={1752-0509},
  volume={3},
  number={1},
  year={2009},
  pages={30},
  doi={10.1186/1752-0509-3-30}
}

% ?/oxygen_isotope
@article {sepp_vvb_10,
  title={{ADP} Compartmentation Analysis Reveals Coupling between Pyruvate Kinase and {ATP}ases in Heart Muscle},
  author={Sepp, M. and Vendelin, M. and Vija, H. and Birkedal, R.},
  journal={Biophys. J.},
  issn={0006-3495},
  volume={98},
  number={12},
  year={2010},
  pages={2785-2793},
  doi={10.1016/j.bpj.2010.03.025}
}

% ?/david_thesis
@article {huang_10,
  title={Cell lineage determination in state space: a systems view brings flexibility to dogmatic canonical rules},
  author={Huang, S.},
  journal={PLoS Biol.},
  issn={1544-9173},
  volume={8},
  number={5},
  year={2010},
  pages={e1000380},
  doi={10.1371/journal.pbio.1000380},
  pubmed={20520792}
}

% ?/oxygen_isotope
@article {lenaz_g_07,
  title={Kinetics of integrated electron transfer in the mitochondrial respiratory chain: random collisions vs. solid state electron channeling},
  author={Lenaz, G. and Genova, M.},
  journal={Am. J. Physiol. Cell. Physiol.},
  issn={0363-6143},
  volume={292},
  number={4},
  year={2007},
  pages={C1221 -C1239},
  doi={10.1152/ajpcell.00263.2006}
}

% ?/david_thesis
@article {orth_tp_10,
  title={What is flux balance analysis?},
  author={Orth, J. and Thiele, I. and Palsson, B.},
  journal={Nat. Biotechnol.},
  issn={1087-0156},
  volume={28},
  number={3},
  year={2010},
  pages={245-248},
  doi={10.1038/nbt.1614},
  pubmed={20212490}
}

% ?/oxygen_isotope
@article {lewis_sbsa_10,
  title={Large-scale in silico modeling of metabolic interactions between cell types in the human brain},
  author={Lewis, N. and Schramm, G. and Bordbar, A. and Schellenberger, J. and Andersen, M. and Cheng, J. and Patel, N. and Yee, A. and Lewis, R. and Eils, R. and Konig, R. and Palsson, B.},
  journal={Nat. Biotechnol.},
  issn={1087-0156},
  volume={28},
  number={12},
  year={2010},
  pages={1279-1285},
  doi={10.1038/nbt.1711}
}

% ?/oxygen_isotope
@article {abrah_shpz_02,
  title={Coupling of Cell Energetics with Membrane Metabolic Sensing},
  author={Abraham, M. R. and Selivanov, V. and Hodgson, D. and Pucar, D. and Zingman, L. and Wieringa, B. and Dzeja, P. and Alekseev, A. and Terzic, A.},
  journal={J. Biol. Chem.},
  issn={0021-9258},
  volume={277},
  number={27},
  year={2002},
  pages={24427 -24434},
  doi={10.1074/jbc.M201777200}
}

% ?/oxygen_isotope
@article {berri_06,
  title={Calcium microdomains: Organization and function},
  author={Berridge, M.},
  journal={Cell Calcium},
  issn={0143-4160},
  volume={40},
  number={5-6},
  year={2006},
  pages={405-412},
  doi={10.1016/j.ceca.2006.09.002}
}

% ?/david_thesis
@article {noh_w_11,
  title={The benefits of being transient: isotope-based metabolic flux analysis at the short time scale},
  author={N{\"o}h, K. and Wiechert, W.},
  journal={Appl. Microbiol. Biotechnol.},
  issn={0175-7598},
  volume={91},
  number={5},
  year={2011},
  pages={1247-1265},
  doi={10.1007/s00253-011-3390-4},
  pubmed={21732247}
}

% ?/oxygen_isotope
@article {vende_bgak_05,
  title={Mitochondrial regular arrangement in muscle cells: a "crystal-like" pattern},
  author={Vendelin, M. and B{\'e}raud, N. and Guerrero, K. and Andrienko, T. and Kuznetsov, A. and Olivares, J. and Kay, L. and Saks, V.},
  journal={Am. J. Physiol. Cell. Physiol.},
  issn={0363-6143},
  volume={288},
  number={3},
  year={2005},
  pages={C757-C767},
  doi={10.1152/ajpcell.00281.2004}
}

% ?/david_thesis
@article {goldm_w_01,
  title={Evidence that human cardiac myocytes divide after myocardial infarction},
  author={Goldman, B. and Wurzel, J.},
  journal={N. Engl. J. Med.},
  issn={0028-4793},
  volume={345},
  number={15},
  year={2001},
  pages={1131},
  doi={10.1056/NEJM200110113451514},
  pubmed={11596598}
}

% ?/oxygen_isotope
@article {birke_sv_06,
  title={Three-dimensional mitochondrial arrangement in ventricular myocytes: from chaos to order},
  author={Birkedal, R. and Shiels, H. and Vendelin, M.},
  journal={Am. J. Physiol. Cell. Physiol.},
  issn={0363-6143},
  volume={291},
  number={6},
  year={2006},
  pages={C1148 -C1158},
  doi={10.1152/ajpcell.00236.2006}
}

% ?/david_thesis
@article {wahl_nw_08,
  title={$^{13}\hspace{-0.04cm}${C} labeling experiments at metabolic nonstationary conditions: an exploratory study},
  author={Wahl, S. and N{\"o}h, K. and Wiechert, W.},
  journal={BMC Bioinformatics},
  issn={1471-2105},
  volume={9},
  year={2008},
  pages={152},
  doi={10.1186/1471-2105-9-152},
  pubmed={18366666}
}

% ?/oxygen_isotope
@article {vende_b_08,
  title={Anisotropic diffusion of fluorescently labeled {ATP} in rat cardiomyocytes determined by raster image correlation spectroscopy},
  author={Vendelin, M. and Birkedal, R.},
  journal={Am. J. Physiol. Cell. Physiol.},
  issn={0363-6143},
  volume={295},
  number={5},
  year={2008},
  pages={C1302 -C1315},
  doi={10.1152/ajpcell.00313.2008}
}

% ?/oxygen_isotope
@article {kinse_m_02,
  title={Metabolite diffusion in giant muscle fibers of the spiny lobster Panulirus argus},
  author={Kinsey, S. and Moerland, T.},
  journal={J. Exp. Biology},
  volume={205},
  number={21},
  year={2002},
  pages={3377-3386},
  url={http://jeb.biologists.org/cgi/content/abstract/205/21/3377}
}

% ?/david_thesis
@article {ding_w_11,
  title={Recipes and mechanisms of cellular reprogramming: a case study on budding yeast \emph{{S}accharomyces cerevisiae}},
  author={Ding, S. and Wang, W.},
  journal={BMC Syst. Biol.},
  issn={1752-0509},
  volume={5},
  year={2011},
  pages={50},
  doi={10.1186/1752-0509-5-50},
  pubmed={21486480}
}

% ?/oxygen_isotope
@article {sokol_vb_09,
  title={Intracellular diffusion restrictions in isolated cardiomyocytes from rainbow trout},
  author={Sokolova, N. and Vendelin, M. and Birkedal, R.},
  journal={BMC Cell Biol.},
  issn={1471-2121},
  volume={10},
  number={1},
  year={2009},
  pages={90},
  doi={10.1186/1471-2121-10-90}
}

% ?/oxygen_isotope
@article {ramay_v_09,
  title={Diffusion Restrictions Surrounding Mitochondria: A Mathematical Model of Heart Muscle Fibers},
  author={Ramay, H. and Vendelin, M.},
  journal={Biophys. J.},
  issn={0006-3495},
  volume={97},
  number={2},
  year={2009},
  pages={443-452},
  doi={10.1016/j.bpj.2009.04.062}
}

% ?/david_thesis
@article {ruhl_rnws_11,
  title={Collisional fragmentation of central carbon metabolites in {LC}-{MS}/{MS} increases precision of $^{13}\hspace{-0.04cm}${C} metabolic flux analysis},
  author={R{\"u}hl, M. and Rupp, B. and N{\"o}h, K. and Wiechert, W. and Sauer, U. and Zamboni, N.},
  journal={Biotechnol. Bioeng.},
  issn={0006-3592},
  volume={NA},
  year={2011},
  pages={NA},
  doi={10.1002/bit.24344},
  pubmed={22012626}
}

% ?/david_thesis
@book {makin_06,
  title={Aristotle: {M}etaphysics {T}heta: {T}ranslated with an Introduction and Commentary},
  author={Makin, S.},
  publisher={Oxford University Press, USA},
  year={2006}
}

% ?/oxygen_isotope
@article {dzeja_zg_98,
  title={Adenylate kinase: kinetic behavior in intact cells indicates it is integral to multiple cellular processes},
  author={Dzeja, P. and Zeleznikar, R. and Goldberg, N.},
  journal={Mol. Cell. Biochem.},
  issn={0300-8177},
  volume={184},
  number={1-2},
  year={1998},
  pages={169-182},
  url={http://www.ncbi.nlm.nih.gov/pubmed/9746320},
  pubmed={9746320}
}

% ?/oxygen_isotope
@article {walse_gekg_83,
  title={$^{18}\hspace{-0.04cm}${O} labeling of adenine nucleotide alpha-phosphoryls in platelets. Contribution by phosphodiesterase-catalyzed hydrolysis of c{AMP}},
  author={Walseth, T. and Gander, J. and Eide, S. and Krick, T. and Goldberg, N.},
  journal={J. Biol. Chem.},
  issn={0021-9258},
  volume={258},
  number={3},
  year={1983},
  pages={1544-1558},
  url={http://www.ncbi.nlm.nih.gov/pubmed/6296104},
  pubmed={6296104}
}

% ?/oxygen_isotope
@article {webb_t_81,
  title={The mechanism of {ATP} hydrolysis catalyzed by myosin and actomyosin, using rapid reaction techniques to study oxygen exchange},
  author={Webb, M. and Trentham, D.},
  journal={J. Biol. Chem.},
  issn={0021-9258},
  volume={256},
  number={21},
  year={1981},
  pages={10910-10916},
  url={http://www.ncbi.nlm.nih.gov/pubmed/7287741},
  pubmed={7287741}
}

% ?/oxygen_isotope
@article {pucar_jdjm_00,
  title={Compromised energetics in the adenylate kinase {AK}1 gene knockout heart under metabolic stress},
  author={Pucar, D. and Janssen, E. and Dzeja, P. and Juranic, N. and Macura, S. and Wieringa, B. and Terzic, A.},
  journal={J. Biol. Chem.},
  issn={0021-9258},
  volume={275},
  number={52},
  year={2000},
  pages={41424-41429},
  doi={10.1074/jbc.M007903200},
  pubmed={11006295}
}

% ?/oxygen_isotope
@article {vende_ls_04,
  title={Analysis of functional coupling: mitochondrial creatine kinase and adenine nucleotide translocase},
  author={Vendelin, M. and Lemba, M. and Saks, V.},
  journal={Biophys. J.},
  issn={0006-3495},
  volume={87},
  number={1},
  year={2004},
  pages={696-713},
  doi={10.1529/biophysj.103.036210},
  pubmed={15240503}
}

% ?/oxygen_isotope
@article {zelez_g_91,
  title={Kinetics and compartmentation of energy metabolism in intact skeletal muscle determined from $^{18}\hspace{-0.04cm}${O} labeling of metabolite phosphoryls},
  author={Zeleznikar, R. and Goldberg, N.},
  journal={J. Biol. Chem.},
  issn={0021-9258},
  volume={266},
  number={23},
  year={1991},
  pages={15110-15119},
  url={http://www.ncbi.nlm.nih.gov/pubmed/1869545},
  pubmed={1869545}
}

% ?/oxygen_isotope
@article {zelez_hgwd_90,
  title={Evidence for compartmentalized adenylate kinase catalysis serving a high energy phosphoryl transfer function in rat skeletal muscle},
  author={Zeleznikar, R. and Heyman, R. and Graeff, R. and Walseth, T. and Dawis, S. and Butz, E. and Goldberg, N.},
  journal={J. Biol. Chem.},
  issn={0021-9258},
  volume={265},
  number={1},
  year={1990},
  pages={300-311},
  url={http://www.ncbi.nlm.nih.gov/pubmed/2152922},
  pubmed={2152922}
}

% ?/oxygen_isotope
@article {vende_hmsg_10,
  title={Modulation of Energy Transfer Pathways between Mitochondria and Myofibrils by Changes in Performance of Perfused Heart},
  author={Vendelin, M. and Hoerter, J. and Mateo, P. and Soboll, S. and Gillet, B. and Mazet, J.},
  journal={J. Biol. Chem.},
  issn={0021-9258},
  volume={285},
  number={48},
  year={2010},
  pages={37240-37250},
  doi={10.1074/jbc.M110.147116},
  pubmed={20847056}
}

% ?/david_thesis
@article {mccar_f_10,
  title={{BioMaPS}: a roadmap for success},
  author={Mccarthy, M. and Fister, K.},
  journal={CBE Life Sci Educ},
  issn={1931-7913},
  volume={9},
  number={3},
  year={2010},
  pages={175-180},
  doi={10.1187/cbe.10-03-0023},
  pubmed={20810948}
}

% ?/oxygen_isotope
@article {dale_h_87,
  title={Analysis of positional isotope exchange in {ATP} by cleavage of the $\beta$P-O$\gamma$P bond. Demonstration of negligible positional isotope exchange by myosin},
  author={Dale, M. and Hackney, D.},
  journal={Biochemistry},
  issn={0006-2960},
  volume={26},
  number={25},
  year={1987},
  pages={8365-8372},
  doi={10.1021/bi00399a051}
}

% ?/oxygen_isotope
@article {aksen_lmzs_10,
  title={High-energy phosphotransfer in the failing mouse heart: role of adenylate kinase and glycolytic enzymes},
  author={Aksentijevi{\'c}, D. and Lygate, C. and Makinen, K. and Zervou, S. and Sebag-Montefiore, L. and Medway, D. and Barnes, H. and Schneider, J. and Neubauer, S.},
  journal={Eur. J. Heart Fail.},
  issn={1388-9842},
  volume={12},
  number={12},
  year={2010},
  pages={1282-1289},
  doi={10.1093/eurjhf/hfq174},
  pubmed={20940173}
}

% ?/david_thesis
@article {noack_nmow_11,
  title={Stationary versus non-stationary $^{13}\hspace{-0.04cm}${C}-{MFA}: a comparison using a consistent dataset},
  author={Noack, S. and N{\"o}h, K. and Moch, M. and Oldiges, M. and Wiechert, W.},
  journal={J. Biotechnol.},
  issn={0168-1656},
  volume={154},
  number={2-3},
  year={2011},
  pages={179-190},
  doi={10.1016/j.jbiotec.2010.07.008},
  pubmed={20638432}
}

% ?/oxygen_isotope
@article {schry_ppv_09,
  title={Bidirectionality and compartmentation of metabolic fluxes are revealed in the dynamics of isotopomer networks},
  author={Schryer, D. and Peterson, P. and Paalme, T. and Vendelin, M.},
  journal={Int. J. Mol. Sci.},
  issn={1422-0067},
  volume={10},
  number={4},
  year={2009},
  pages={1697-1718},
  doi={10.3390/ijms10041697},
  pubmed={19468334}
}

% ?/oxygen_isotope
@article {dawis_wdhg_89,
  title={Adenosine triphosphate utilization rates and metabolic pool sizes in intact cells measured by transfer of $^{18}\hspace{-0.04cm}${O} from water},
  author={Dawis, S. and Walseth, T. and Deeg, M. and Heyman, R. and Graeff, R. and Goldberg, N.},
  journal={Biophys. J.},
  issn={0006-3495},
  volume={55},
  number={1},
  year={1989},
  pages={79-99},
  doi={10.1016/S0006-3495(89)82782-1},
  pubmed={2930826}
}

% ?/oxygen_isotope
@article {pucar_bgld_02,
  title={Adenylate kinase {AK}1 knockout heart: energetics and functional performance under ischemia-reperfusion},
  author={Pucar, D. and Bast, P. and Gumina, R. and Lim, L. and Drahl, C. and Juranic, N. and Macura, S. and Janssen, E. and Wieringa, B. and Terzic, A. and Dzeja, P.},
  journal={Am. J. Physiol. Heart Circ. Physiol.},
  issn={0363-6135},
  volume={283},
  number={2},
  year={2002},
  pages={H776-782},
  doi={10.1152/ajpheart.00116.2002},
  pubmed={12124227}
}

% ?/oxygen_isotope
@article {goldb_agw_83,
  title={Magnitude of increase in retinal c{GMP} metabolic flux determined by $^{18}\hspace{-0.04cm}${O} incorporation into nucleotide alpha-phosphoryls corresponds with intensity of photic stimulation},
  author={Goldberg, N. and Ames, A. and Gander, J. and Walseth, T.},
  journal={J. Biol. Chem.},
  issn={0021-9258},
  volume={258},
  number={15},
  year={1983},
  pages={9213-9219},
  url={http://www.ncbi.nlm.nih.gov/pubmed/6307996},
  pubmed={6307996}
}

% ?/oxygen_isotope
@article {olson_srgw_96,
  title={Suppression of adenylate kinase catalyzed phosphotransfer precedes and is associated with glucose-induced insulin secretion in intact {HIT}-T15 cells},
  author={Olson, L. and Schroeder, W. and Robertson, R. and Goldberg, N. and Walseth, T.},
  journal={J. Biol. Chem.},
  issn={0021-9258},
  volume={271},
  number={28},
  year={1996},
  pages={16544-16552},
  url={http://www.ncbi.nlm.nih.gov/pubmed/8663240},
  pubmed={8663240}
}

% ?/oxygen_isotope
@article {dzeja_vrbt_99,
  title={Adenylate kinase-catalyzed phosphotransfer in the myocardium: {I}ncreased contribution in heart failure},
  author={Dzeja, P. and Vitkevicius, K. and Redfield, M. and Burnett, J. and Terzic, A.},
  journal={Circ. Res.},
  issn={0009-7330},
  volume={84},
  number={10},
  year={1999},
  pages={1137-1143},
  url={http://www.ncbi.nlm.nih.gov/pubmed/10347088},
  pubmed={10347088}
}

% ?/oxygen_isotope
@article {dzeja_zg_96,
  title={Suppression of creatine kinase-catalyzed phosphotransfer results in increased phosphoryl transfer by adenylate kinase in intact skeletal muscle},
  author={Dzeja, P. and Zeleznikar, R. and Goldberg, N.},
  journal={J. Biol. Chem.},
  issn={0021-9258},
  volume={271},
  number={22},
  year={1996},
  pages={12847-12851},
  url={http://www.ncbi.nlm.nih.gov/pubmed/8662747},
  pubmed={8662747}
}

% ?/oxygen_isotope
@article {pucar_dbjm_01,
  title={Cellular energetics in the preconditioned state: {P}rotective role for phosphotransfer reactions captured by $^{18}\hspace{-0.04cm}${O}-assisted $^{31}\hspace{-0.04cm}${P} {NMR}},
  author={Pucar, D. and Dzeja, P. and Bast, P. and Juranic, N. and Macura, S. and Terzic, A.},
  journal={J. Biol. Chem.},
  issn={0021-9258},
  volume={276},
  number={48},
  year={2001},
  pages={44812-44819},
  doi={10.1074/jbc.M104425200},
  pubmed={11583991}
}

% ?/oxygen_isotope
@article {zelez_dg_95,
  title={Adenylate kinase-catalyzed phosphoryl transfer couples {ATP} utilization with its generation by glycolysis in intact muscle},
  author={Zeleznikar, R. and Dzeja, P. and Goldberg, N.},
  journal={J. Biol. Chem.},
  issn={0021-9258},
  volume={270},
  number={13},
  year={1995},
  pages={7311-7319},
  url={http://www.ncbi.nlm.nih.gov/pubmed/7706272},
  pubmed={7706272}
}

% ?/oxygen_isotope
@article {cohn_h_78,
  title={Isotopic ($^{18}\hspace{-0.04cm}${O}) shift in $^{31}\hspace{-0.04cm}${P} nuclear magnetic resonance applied to a study of enzyme-catalyzed phosphate-phosphate exchange and phosphate (oxygen)-water exchange reactions},
  author={Cohn, M. and Hu, A.},
  journal={Proc. Natl. Acad. Sci.},
  volume={75},
  number={1},
  year={1978},
  pages={200 -203},
  url={http://www.pnas.org/content/75/1/200.abstract}
}

% ?/oxygen_isotope
@article {knowl_80,
  title={Enzyme-Catalyzed Phosphoryl Transfer Reactions},
  author={Knowles, J.},
  journal={Annu. Rev. Biochem.},
  issn={0066-4154},
  volume={49},
  number={1},
  year={1980},
  pages={877-919},
  doi={10.1146/annurev.bi.49.070180.004305}
}

% ?/david_thesis
@article {anver_k_98,
  title={Ventricular myocytes are not terminally differentiated in the adult mammalian heart},
  author={Anversa, P. and Kajstura, J.},
  journal={Circ. Res.},
  issn={0009-7330},
  volume={83},
  number={1},
  year={1998},
  pages={1-14},
  url={http://circres.ahajournals.org/content/83/1/1.full},
  pubmed={9670913}
}

% ?/oxygen_isotope
@article {desro_llc_11,
  title={Cardiac anaplerosis in health and disease: food for thought},
  author={Des{ Rosiers}, C. and Labarthe, F. and Lloyd, S. and Chatham, J.},
  journal={Cardiovasc. Res.},
  issn={0008-6363},
  volume={90},
  number={2},
  year={2011},
  pages={210 -219},
  doi={10.1093/cvr/cvr055}
}

% ?/david_thesis
@article {zambo_11,
  title={$^{13}\hspace{-0.04cm}${C} metabolic flux analysis in complex systems},
  author={Zamboni, N.},
  journal={Curr. Opin. Biotechnol.},
  issn={0958-1669},
  volume={22},
  number={1},
  year={2011},
  pages={103-108},
  doi={10.1016/j.copbio.2010.08.009},
  pubmed={20833526}
}

% ?/oxygen_isotope
@article {boyer_cm_73,
  title={A New Concept for Energy Coupling in Oxidative Phosphorylation Based on a Molecular Explanation of the Oxygen Exchange Reactions},
  author={Boyer, P. and Cross, R. and Momsen, W.},
  journal={Proc. Natl. Acad. Sci.},
  volume={70},
  number={10},
  year={1973},
  pages={2837 -2839},
  url={http://www.pnas.org/content/70/10/2837.abstract}
}

% ?/oxygen_isotope
@article {desro_c_05,
  title={Myocardial phenotyping using isotopomer analysis of metabolic fluxes},
  author={Des{ Rosiers}, C. and Chatham, J.},
  journal={Biochem. Soc. Trans.},
  issn={0300-5127},
  volume={33},
  number={Pt 6},
  year={2005},
  pages={1413-1417},
  doi={10.1042/BST20051413},
  pubmed={16246133}
}

% ?/oxygen_isotope
@article {dzeja_prbt_99,
  title={Reduced activity of enzymes coupling {ATP}-generating with {ATP}-consuming processes in the failing myocardium},
  author={Dzeja, P. and Pucar, D. and Redfield, M. and Burnett, J. and Terzic, A.},
  journal={Mol. Cell. Biochem.},
  issn={0300-8177},
  volume={201},
  number={1-2},
  year={1999},
  pages={33-40},
  url={http://www.ncbi.nlm.nih.gov/pubmed/10630620},
  pubmed={10630620}
}

% ?/oxygen_isotope
@article {hutto_b_79,
  title={Subunit interaction during catalysis. Alternating site cooperativity of mitochondrial adenosine triphosphatase.},
  author={Hutton, R. and Boyer, P.},
  journal={J. Biol. Chem.},
  issn={0021-9258},
  volume={254},
  number={20},
  year={1979},
  pages={9990 -9993},
  url={http://www.jbc.org/content/254/20/9990.abstract}
}

% ?/david_thesis
@article {blank_k_10,
  title={Metabolic flux distributions: genetic information, computational predictions, and experimental validation},
  author={Blank, L. and Kuepfer, L.},
  journal={Appl. Microbiol. Biotechnol.},
  issn={0175-7598},
  volume={86},
  number={5},
  year={2010},
  pages={1243-1255},
  doi={10.1007/s00253-010-2506-6},
  pubmed={20232063}
}

% ?/oxygen_isotope
@article {bittl_i_85,
  title={Reaction rates of creatine kinase and {ATP} synthesis in the isolated rat heart. A $^{31}\hspace{-0.04cm}${P} {NMR} magnetization transfer study},
  author={Bittl, J. and Ingwall, J.},
  journal={J. Biol. Chem.},
  issn={0021-9258},
  volume={260},
  number={6},
  year={1985},
  pages={3512-3517},
  url={http://www.ncbi.nlm.nih.gov/pubmed/3972835},
  pubmed={3972835}
}

% ?/oxygen_isotope
@article {dzeja_bpht_02,
  title={Energetic communication between mitochondria and nucleus directed by catalyzed phosphotransfer},
  author={Dzeja, P. and Bortolon, R. and Perez-Terzic, C. and Holmuhamedov, E. and Terzic, A.},
  journal={Proc. Natl. Acad. Sci. U.S.A.},
  issn={0027-8424},
  volume={99},
  number={15},
  year={2002},
  pages={10156-10161},
  doi={10.1073/pnas.152259999},
  pubmed={12119406}
}

% ?/oxygen_isotope
@article {dzeja_htzn_11,
  title={Rearrangement of energetic and substrate utilization networks compensate for chronic myocardial creatine kinase deficiency},
  author={Dzeja, P. and Hoyer, K. and Tian, R. and Zhang, S. and Nemutlu, E. and Spindler, M. and Ingwall, J.},
  journal={J. Physiology},
  volume={NA},
  year={2011},
  pages={NA},
  doi={10.1113/jphysiol.2011.212829}
}

% ?/oxygen_isotope
@article {dzeja_bpwt_07,
  title={Defective metabolic signaling in adenylate kinase {AK}1 gene knock-out hearts compromises post-ischemic coronary reflow},
  author={Dzeja, P. and Bast, P. and Pucar, D. and Wieringa, B. and Terzic, A.},
  journal={J. Biol. Chem.},
  issn={0021-9258},
  volume={282},
  number={43},
  year={2007},
  pages={31366-31372},
  doi={10.1074/jbc.M705268200},
  pubmed={17704060}
}

% ?/oxygen_isotope
@article {pucar_dbgd_04,
  title={Mapping hypoxia-induced bioenergetic rearrangements and metabolic signaling by $^{18}\hspace{-0.04cm}${O}-assisted $^{31}\hspace{-0.04cm}${P} {NMR} and $^{1}\hspace{-0.04cm}${H} {NMR} spectroscopy},
  author={Pucar, D. and Dzeja, P. and Bast, P. and Gumina, R. and Drahl, C. and Lim, L. and Juranic, N. and Macura, S. and Terzic, A.},
  journal={Mol. Cell. Biochem.},
  issn={0300-8177},
  volume={256-257},
  number={1-2},
  year={2004},
  pages={281-289},
  url={http://www.ncbi.nlm.nih.gov/pubmed/14977188},
  pubmed={14977188}
}

% ?/oxygen_isotope
@article {janss_dosh_00,
  title={Adenylate kinase 1 gene deletion disrupts muscle energetic economy despite metabolic rearrangement},
  author={Janssen, E. and Dzeja, P. and Oerlemans, F. and Simonetti, A. and Heerschap, A. and de Haan, A. and Rush, P. and Terjung, R. and Wieringa, B. and Terzic, A.},
  journal={EMBO J.},
  issn={0261-4189},
  volume={19},
  number={23},
  year={2000},
  pages={6371-6381},
  doi={10.1093/emboj/19.23.6371},
  pubmed={11101510}
}

% ?/oxygen_isotope
@article {dzeja_tw_04,
  title={Phosphotransfer dynamics in skeletal muscle from creatine kinase gene-deleted mice},
  author={Dzeja, P. and Terzic, A. and Wieringa, B.},
  journal={Mol. Cell. Biochem.},
  issn={0300-8177},
  volume={256-257},
  number={1-2},
  year={2004},
  pages={13-27},
  url={http://www.ncbi.nlm.nih.gov/pubmed/14977167},
  pubmed={14977167}
}

% ?/oxygen_isotope
@article {janss_twd_03,
  title={Impaired Intracellular Energetic Communication in Muscles from Creatine Kinase and Adenylate Kinase ({M}-{CK}/{AK}1) Double Knock-out Mice},
  author={Janssen, E. and Terzic, A. and Wieringa, B. and Dzeja, P.},
  journal={J. Biol. Chem.},
  issn={0021-9258},
  volume={278},
  number={33},
  year={2003},
  pages={30441 -30449},
  doi={10.1074/jbc.M303150200}
}

% ?/david_thesis
@article {nikla_sh_10,
  title={Metabolic flux analysis in eukaryotes},
  author={Niklas, J. and Schneider, K. and Heinzle, E.},
  journal={Curr. Opin. Biotechnol.},
  issn={0958-1669},
  volume={21},
  number={1},
  year={2010},
  pages={63-69},
  doi={10.1016/j.copbio.2010.01.011},
  pubmed={20163950}
}

% ?/oxygen_isotope
@article {gumin_pbhk_03,
  title={Knockout of {K}ir6.2 negates ischemic preconditioning-induced protection of myocardial energetics},
  author={Gumina, R. and Pucar, D. and Bast, P. and Hodgson, D. and Kurtz, C. and Dzeja, P. and Miki, T. and Seino, S. and Terzic, A.},
  journal={Am. J. Physiol. Heart Circ. Physiol.},
  issn={0363-6135},
  volume={284},
  number={6},
  year={2003},
  pages={H2106 -H2113},
  doi={10.1152/ajpheart.00057.2003}
}

% ?/david_thesis
@article {yuan_br_08,
  title={Kinetic flux profiling for quantitation of cellular metabolic fluxes},
  author={Yuan, J. and Bennett, B. and Rabinowitz, J.},
  journal={Nat. Protoc.},
  issn={1754-2189},
  volume={3},
  number={8},
  year={2008},
  pages={1328-1340},
  doi={10.1038/nprot.2008.131},
  pubmed={18714301}
}

% ?/david_thesis
@article {wahrh_nh_11,
  title={Eukaryotic metabolism: measuring compartment fluxes},
  author={Wahrheit, J. and Nicolae, A. and Heinzle, E.},
  journal={Biotechnol J},
  issn={1860-6768},
  volume={6},
  number={9},
  year={2011},
  pages={1071-1085},
  doi={10.1002/biot.201100032},
  pubmed={21910257}
}

% ?/oxygen_isotope
@article {weiss_k_01,
  title={The cytoplasm: no longer a well-mixed bag.},
  author={Weiss, J. N. and Korge, P.},
  journal={Circ. Res.},
  issn={0009-7330},
  volume={89},
  number={2},
  year={2001},
  pages={108}
}

% ?/oxygen_isotope
@article {short_s_09,
  title={A mathematical analysis of obstructed diffusion within skeletal muscle},
  author={Shorten, P. and Sneyd, J.},
  journal={Biophys. J.},
  issn={0006-3495},
  volume={96},
  number={12},
  year={2009},
  pages={4764-4778}
}

% ?/oxygen_isotope
@article {huang_hr_01,
  title={Channeling of substrates and intermediates in enzyme-catalyzed reactions.},
  author={Huang, X. and Holden, H. M. and Raushel, F. M.},
  journal={Annu. Rev. Biochem.},
  issn={0066-4154},
  volume={70},
  year={2001},
  pages={149-180},
  doi={10.1146/annurev.biochem.70.1.149}
}

% ?/oxygen_isotope
@article {joube_mmh_02,
  title={$^{31}\hspace{-0.04cm}${P} {NMR} detection of subcellular creatine kinase fluxes in the perfused rat heart: contractility modifies energy transfer pathways},
  author={Joubert, F. and Mazet, J. and Mateo, P. and Hoerter, J.},
  journal={J. Biol. Chem.},
  issn={0021-9258},
  volume={277},
  number={21},
  year={2002},
  pages={18469-18476},
  doi={10.1074/jbc.M200792200},
  pubmed={11886866}
}

% ?/oxygen_isotope
@article {kumme_88,
  title={Ca,Mg-{ATP}ase activity of permeabilised rat heart cells and its functional coupling to oxidative phosphorylation of the cells},
  author={K{\"u}mmel, L.},
  journal={Cardiovasc. Res.},
  issn={0008-6363},
  volume={22},
  number={5},
  year={1988},
  pages={359 -367},
  doi={10.1093/cvr/22.5.359}
}

% ?/oxygen_isotope
@article {schry_vp_11,
  title={Symbolic flux analysis for genome-scale metabolic networks},
  author={Schryer, D. and Vendelin, M. and Peterson, P.},
  journal={BMC Syst. Biol.},
  issn={1752-0509},
  volume={5},
  number={1},
  year={2011},
  pages={81},
  doi={10.1186/1752-0509-5-81}
}

% ?/oxygen_isotope
@article {kaasi_vbnm_01,
  title={Energetic Crosstalk Between Organelles},
  author={Kaasik, A. and Veksler, V. and Boehm, E. and Novotova, M. and Minajeva, A. and Ventura-Clapier, R.},
  journal={Circ. Res.},
  issn={0009-7330},
  volume={89},
  number={2},
  year={2001},
  pages={153 -159},
  doi={10.1161/hh1401.093440}
}

% ?/oxygen_isotope
@article {erick_gvb_82,
  title={Compartmentation of mitochondrial creatine phosphokinase. {II}. The importance of the outer mitochondrial membrane for mitochondrial compartmentation},
  author={Erickson-Viitanen, S. and Geiger, P. and Viitanen, P. and Bessman, S.},
  journal={J. Biol. Chem.},
  issn={0021-9258},
  volume={257},
  number={23},
  year={1982},
  pages={14405-14411},
  url={http://www.ncbi.nlm.nih.gov/pubmed/7142218},
  pubmed={7142218}
}

% ?/oxygen_isotope
@article {erick_vgyb_82,
  title={Compartmentation of mitochondrial creatine phosphokinase. I. Direct demonstration of compartmentation with the use of labeled precursors},
  author={Erickson-Viitanen, S. and Viitanen, P. and Geiger, P. and Yang, W. and Bessman, S.},
  journal={J. Biol. Chem.},
  issn={0021-9258},
  volume={257},
  number={23},
  year={1982},
  pages={14395-14404},
  url={http://www.ncbi.nlm.nih.gov/pubmed/7142217},
  pubmed={7142217}
}

% ?/oxygen_isotope
@article {vende_msgm_10,
  title={Response to Aliev et al.: {PC}r and {ATP} Export Both Participate in Energy Transfer from Mitochondria in Normoxic Heart},
  author={Vendelin, M. and Mateo, P. and Soboll, S. and Gillet, B. and Mazet, J. and Hoerter, J.},
  journal={J. Biol. Chem.},
  issn={0021-9258},
  volume={285},
  number={52},
  year={2010},
  pages={le22},
  doi={10.1074/jbc.N110.147116}
}

% ?/oxygen_isotope
@article {jepih_bsbv_11,
  title={Permeabilized rat cardiomyocyte response demonstrates intracellular origin of diffusion obstacles},
  author={Jepihhina, N. and Beraud, N. and Sepp, M. and Birkedal, R. and Vendelin, M.},
  journal={Biophys. J.},
  issn={0006-3495},
  volume={In press.},
  year={2011},
  pages={NA}
}

% ?/oxygen_isotope
@article {walli_wbne_92,
  title={Intracellular compartmentation, structure and function of creatine kinase isoenzymes in tissues with high and fluctuating energy demands: the 'phosphocreatine circuit' for cellular energy homeostasis},
  author={Wallimann, T. and Wyss, M. and Brdiczka, D. and Nicolay, K. and Eppenberger, H.},
  journal={Biochem. J.},
  issn={0264-6021},
  volume={281},
  number={Pt 1},
  year={1992},
  pages={21-40},
  url={http://www.ncbi.nlm.nih.gov/pubmed/1731757},
  pubmed={1731757}
}

% ?/oxygen_isotope
@article {joube_gmmb_00,
  title={Evidence for myocardial {ATP} compartmentation from {NMR} inversion transfer analysis of creatine kinase fluxes},
  author={Joubert, F. and Gillet, B. and Mazet, J. and Mateo, P. and Beloeil, J. and Hoerter, J.},
  journal={Biophys. J.},
  issn={0006-3495},
  volume={79},
  number={1},
  year={2000},
  pages={1-13},
  url={http://www.ncbi.nlm.nih.gov/pubmed/10866933},
  pubmed={10866933}
}

% ?/oxygen_isotope
@article {kupri_yrky_84,
  title={Regulation of energy flux through the creatine kinase reaction in vitro and in perfused rat heart. $^{31}\hspace{-0.04cm}${P}-{NMR} studies},
  author={Kupriyanov, V. and Ya{ Steinschneider}, A. and Ruuge, E. and Kapel'Ko, V. and Yu{ Zueva}, M. and Lakomkin, V. and Smirnov, V. and Saks, V.},
  journal={Biochim. Biophys. Acta},
  issn={0006-3002},
  volume={805},
  number={4},
  year={1984},
  pages={319-331},
  url={http://www.ncbi.nlm.nih.gov/pubmed/6509089},
  pubmed={6509089}
}

% ?/oxygen_isotope
@article {matsu_kkfy_95,
  title={Creatine kinase kinetics in diabetic cardiomyopathy},
  author={Matsumoto, Y. and Kaneko, M. and Kobayashi, A. and Fujise, Y. and Yamazaki, N.},
  journal={Am. J. Physiol.},
  issn={0002-9513},
  volume={268},
  number={6 Pt 1},
  year={1995},
  pages={E1070-1076},
  url={http://www.ncbi.nlm.nih.gov/pubmed/7611380},
  pubmed={7611380}
}

% ?/oxygen_isotope
@article {zahle_i_92,
  title={Estimation of heart mitochondrial creatine kinase flux using magnetization transfer {NMR} spectroscopy},
  author={Zahler, R. and Ingwall, J.},
  journal={Am. J. Physiol.},
  issn={0002-9513},
  volume={262},
  number={4 Pt 2},
  year={1992},
  pages={H1022-1028},
  url={http://www.ncbi.nlm.nih.gov/pubmed/1566885},
  pubmed={1566885}
}

% ?/oxygen_isotope
@article {spenc_bi_97,
  title={Function and bioenergetics in isolated perfused trained rat hearts},
  author={Spencer, R. and Buttrick, P. and Ingwall, J.},
  journal={Am. J. Physiol.},
  issn={0002-9513},
  volume={272},
  number={1 Pt 2},
  year={1997},
  pages={H409-417},
  url={http://www.ncbi.nlm.nih.gov/pubmed/9038963},
  pubmed={9038963}
}

% ?/oxygen_isotope
@article {portm_n_92_A,
  title={Maturational changes in respiratory control through creatine kinase in heart in vivo},
  author={Portman, M. A. and Ning, X. H.},
  journal={Am. J. Physiol. Cell. Physiol.},
  issn={0363-6143},
  volume={263},
  number={2},
  year={1992},
  pages={C453 -C460},
  url={http://ajpcell.physiology.org/content/263/2/C453.abstract}
}

% ?/david_thesis
@article {pique_nfgv_10,
  title={Postnatal development of mouse heart: formation of energetic microdomains},
  author={Piquereau, J. and Novotova, M. and Fortin, D. and Garnier, A. and Ventura-Clapier, R. and Veksler, V. and Joubert, F.},
  journal={J. Physiol. (Lond.)},
  issn={0022-3751},
  volume={588},
  number={Pt 13},
  year={2010},
  pages={2443-2454},
  doi={10.1113/jphysiol.2010.189670},
  pubmed={20478976}
}

% ?/oxygen_isotope
@article {portm_n_92,
  title={Maturational changes in respiratory control through creatine kinase in heart in vivo},
  author={Portman, M. and Ning, X.},
  journal={Am. J. Physiol.},
  issn={0002-9513},
  volume={263},
  number={2 Pt 1},
  year={1992},
  pages={C453-460},
  url={http://www.ncbi.nlm.nih.gov/pubmed/1514591},
  pubmed={1514591}
}

% ?/oxygen_isotope
@article {ugurb_pmmf_86,
  title={Measurement of an individual rate constant in the presence of multiple exchanges: application to myocardial creatine kinase reaction},
  author={Ugurbil, K. and Petein, M. and Maidan, R. and Michurski, S. and From, A.},
  journal={Biochemistry},
  issn={0006-2960},
  volume={25},
  number={1},
  year={1986},
  pages={100-107},
  url={http://www.ncbi.nlm.nih.gov/pubmed/3954984},
  pubmed={3954984}
}

% ?/oxygen_isotope
@article {perry_mbhi_88,
  title={Velocity of the creatine kinase reaction in the neonatal rabbit heart: role of mitochondrial creatine kinase},
  author={Perry, S. and Mcauliffe, J. and Balschi, J. and Hickey, P. and Ingwall, J.},
  journal={Biochemistry},
  issn={0006-2960},
  volume={27},
  number={6},
  year={1988},
  pages={2165-2172},
  url={http://www.ncbi.nlm.nih.gov/pubmed/3378051},
  pubmed={3378051}
}

% ?/david_thesis
@article {aon_co_06,
  title={The fundamental organization of cardiac mitochondria as a network of coupled oscillators},
  author={Aon, M. and Cortassa, S. and O'Rourke, B.},
  journal={Biophys. J.},
  issn={0006-3495},
  volume={91},
  number={11},
  year={2006},
  pages={4317-4327},
  doi={10.1529/biophysj.106.087817},
  pubmed={16980364}
}

% ?/david_thesis
@article {eelde_msbr_10,
  title={A circadian clock in \emph{{S}accharomyces cerevisiae}},
  author={Eelderink-Chen, Z. and Mazzotta, G. and Sturre, M. and Bosman, J. and Roenneberg, T. and Merrow, M.},
  journal={Proc. Natl. Acad. Sci. U.S.A.},
  issn={0027-8424},
  volume={107},
  number={5},
  year={2010},
  pages={2043-2047},
  doi={10.1073/pnas.0907902107},
  pubmed={20133849}
}

% ?/david_thesis
@article {lelan_sgad_09,
  title={Spatio-Temporal Dynamics of Yeast Mitochondrial Biogenesis: Transcriptional and Post-Transcriptional m{RNA} Oscillatory Modules},
  author={Lelandais, G. and Saint-Georges, Y. and Geneix, C. and Al-Shikhley, L. and Dujardin, G. and Jacq, C.},
  journal={PLoS Comput. Biol.},
  issn={1553-734X},
  volume={5},
  number={6},
  year={2009},
  pages={e1000409},
  doi={10.1371/journal.pcbi.1000409}
}

% ?/david_thesis
@article {tu_krm_05,
  title={Logic of the yeast metabolic cycle: temporal compartmentalization of cellular processes},
  author={Tu, B. and Kudlicki, A. and Rowicka, M. and Mcknight, S.},
  journal={Science},
  issn={0036-8075},
  volume={310},
  number={5751},
  year={2005},
  pages={1152-1158},
  doi={10.1126/science.1120499},
  pubmed={16254148}
}

% ?/david_thesis
@article {boedi_wbbc_08,
  title={Sources of variation in baseline gene expression levels from toxicogenomics study control animals across multiple laboratories},
  author={Boedigheimer, M. and Wolfinger, R. and Bass, M. and Bushel, P. and Chou, J. and Cooper, M. and Corton, J. and Fostel, J. and Hester, S. and Lee, J. and Liu, F. and Liu, J. and Qian, H. and Quackenbush, J. and Pettit, S. and Thompson, K.},
  journal={BMC Genomics},
  issn={1471-2164},
  volume={9},
  year={2008},
  pages={285},
  doi={10.1186/1471-2164-9-285},
  pubmed={18549499}
}

% ?/david_thesis
@article {murra_kl_03,
  title={Generation and maintenance of synchrony in \emph{{S}accharomyces cerevisiae} continuous culture},
  author={Murray, D. and Klevecz, R. and Lloyd, D.},
  journal={Exp. Cell Res.},
  issn={0014-4827},
  volume={287},
  number={1},
  year={2003},
  pages={10-15},
  url={http://www.ncbi.nlm.nih.gov/pubmed/12799177},
  pubmed={12799177}
}

% ?/david_thesis
@article {rouss_l_07,
  title={Observation of a chaotic multioscillatory metabolic attractor by real-time monitoring of a yeast continuous culture},
  author={Roussel, M. and Lloyd, D.},
  journal={FEBS J.},
  issn={1742-464X},
  volume={274},
  number={4},
  year={2007},
  pages={1011-1018},
  doi={10.1111/j.1742-4658.2007.05651.x},
  pubmed={17250739}
}

% ?/david_thesis
@article {ghosh_cp_71,
  title={Metabolic coupling and synchronization of {NADH} oscillations in yeast cell populations},
  author={Ghosh, A. and Chance, B. and Pye, E.},
  journal={Arch. Biochem. Biophys.},
  issn={0003-9861},
  volume={145},
  number={1},
  year={1971},
  pages={319-331},
  url={http://www.ncbi.nlm.nih.gov/pubmed/4330768},
  pubmed={4330768}
}

% ?/david_thesis
@article {sumne_a_02,
  title={Phenotypic heterogeneity: differential stress resistance among individual cells of the yeast \emph{{S}accharomyces cerevisiae}},
  author={Sumner, E. and Avery, S.},
  journal={Microbiology (Reading, Engl.)},
  issn={1350-0872},
  volume={148},
  number={Pt 2},
  year={2002},
  pages={345-351},
  url={http://www.ncbi.nlm.nih.gov/pubmed/11832498},
  pubmed={11832498}
}

% ?/david_thesis
@article {tu_m_06,
  title={Metabolic cycles as an underlying basis of biological oscillations},
  author={Tu, B. and Mcknight, S.},
  journal={Nat. Rev. Mol. Cell Biol.},
  issn={1471-0072},
  volume={7},
  number={9},
  year={2006},
  pages={696-701},
  doi={10.1038/nrm1980},
  pubmed={16823381}
}

% ?/david_thesis
@article {huang_ebi_05,
  title={Cell fates as high-dimensional attractor states of a complex gene regulatory network},
  author={Huang, S. and Eichler, G. and Bar-Yam, Y. and Ingber, D.},
  journal={Phys. Rev. Lett.},
  issn={0031-9007},
  volume={94},
  number={12},
  year={2005},
  pages={128701},
  url={http://www.ncbi.nlm.nih.gov/pubmed/15903968},
  pubmed={15903968}
}

% ?/david_thesis
@article {bisho_rsa_07,
  title={Phenotypic heterogeneity can enhance rare-cell survival in ``stress-sensitive'' yeast populations},
  author={Bishop, A. and Rab, F. and Sumner, E. and Avery, S.},
  journal={Mol. Microbiol.},
  issn={0950-382X},
  volume={63},
  number={2},
  year={2007},
  pages={507-520},
  doi={10.1111/j.1365-2958.2006.05504.x},
  pubmed={17176259}
}

% ?/david_thesis
@article {stock_bprn_07,
  title={The origin of phenotypic heterogeneity in a clonal cell population in vitro},
  author={Stockholm, D. and Benchaouir, R. and Picot, J. and Rameau, P. and Neildez, T. and Landini, G. and Laplace-Builh{\'e}, C. and Paldi, A.},
  journal={PLoS ONE},
  issn={1932-6203},
  volume={2},
  number={4},
  year={2007},
  pages={e394},
  doi={10.1371/journal.pone.0000394},
  pubmed={17460761}
}

% ?/david_thesis
@article {neely_der_72,
  title={The effects of increased heart work on the tricarboxylate cycle and its interactions with glycolysis in the perfused rat heart},
  author={Neely, J. and Denton, R. and England, P. and Randle, P.},
  journal={Biochem. J.},
  issn={0264-6021},
  volume={128},
  number={1},
  year={1972},
  pages={147-159},
  url={http://www.ncbi.nlm.nih.gov/pubmed/5085551},
  pubmed={5085551}
}

% ?/david_thesis
@article {corta_amwo_03,
  title={An integrated model of cardiac mitochondrial energy metabolism and calcium dynamics},
  author={Cortassa, S. and Aon, M. and Marb{\'a}n, E. and Winslow, R. and O'Rourke, B.},
  journal={Biophys. J.},
  issn={0006-3495},
  volume={84},
  number={4},
  year={2003},
  pages={2734-2755},
  doi={10.1016/S0006-3495(03)75079-6},
  pubmed={12668482}
}

% ?/david_thesis
@article {wan_lcs_89,
  title={Regulation of citric acid cycle by calcium},
  author={Wan, B. and La{N}Oue, K. and Cheung, J. and Scaduto, R.},
  journal={J. Biol. Chem.},
  issn={0021-9258},
  volume={264},
  number={23},
  year={1989},
  pages={13430-13439},
  url={http://www.ncbi.nlm.nih.gov/pubmed/2503501},
  pubmed={2503501}
}

% ?/david_thesis
@article {vinna_db_11,
  title={Stimulatory effects of calcium on respiration and {NAD}({P}){H} synthesis in intact rat heart mitochondria utilizing physiological substrates cannot explain respiratory control in vivo},
  author={Vinnakota, K. and Dash, R. and Beard, D.},
  journal={J. Biol. Chem.},
  issn={0021-9258},
  volume={286},
  number={35},
  year={2011},
  pages={30816-30822},
  doi={10.1074/jbc.M111.242529},
  pubmed={21757763}
}

% ?/david_thesis
@article {russe_t_91,
  title={Pyruvate carboxylation prevents the decline in contractile function of rat hearts oxidizing acetoacetate},
  author={Russell, R. and Taegtmeyer, H.},
  journal={Am. J. Physiol.},
  issn={0002-9513},
  volume={261},
  number={6 Pt 2},
  year={1991},
  pages={H1756-1762},
  url={http://www.ncbi.nlm.nih.gov/pubmed/1750532},
  pubmed={1750532}
}

% ?/david_thesis
@article {comte_vbjc_97,
  title={A $^{13}\hspace{-0.04cm}${C} mass isotopomer study of anaplerotic pyruvate carboxylation in perfused rat hearts},
  author={Comte, B. and Vincent, G. and Bouchard, B. and Jett{\'e}, M. and Cordeau, S. and Rosiers, C.},
  journal={J. Biol. Chem.},
  issn={0021-9258},
  volume={272},
  number={42},
  year={1997},
  pages={26125-26131},
  url={http://www.ncbi.nlm.nih.gov/pubmed/9334177},
  pubmed={9334177}
}

% ?/david_thesis
@article {sundq_vph_94,
  title={Metabolic effects of propionate, hexanoate and propionylcarnitine in normoxia, ischaemia and reperfusion. Does an anaplerotic substrate protect the ischaemic myocardium?},
  author={Sundqvist, K. and Vuorinen, K. and Peuhkurinen, K. and Hassinen, I.},
  journal={Eur. Heart J.},
  issn={0195-668X},
  volume={15},
  number={4},
  year={1994},
  pages={561-570},
  url={http://www.ncbi.nlm.nih.gov/pubmed/8070485},
  pubmed={8070485}
}

% ?/david_thesis
@article {rouss_ii_07,
  title={Oscillations of the internal {CO}$_2$ concentration in tobacco leaves transferred to low {CO}$_2$},
  author={Roussel, M. and Ivlev, A. and Igamberdiev, A.},
  journal={J. Plant Physiol.},
  issn={0176-1617},
  volume={164},
  number={9},
  year={2007},
  pages={1188-1196},
  doi={10.1016/j.jplph.2006.08.004},
  pubmed={17007962}
}

% ?/david_thesis
@article {mori_fkss_11,
  title={Evaluating $^{13}\hspace{-0.04cm}${C} enrichment data of free amino acids for precise metabolic flux analysis},
  author={Mori, E. and Furusawa, C. and Kajihata, S. and Shirai, T. and Shimizu, H.},
  journal={Biotechnol J},
  issn={1860-6768},
  volume={6},
  number={11},
  year={2011},
  pages={1377-1387},
  doi={10.1002/biot.201000446},
  pubmed={22069095}
}

% ?/david_thesis
@article {teruo_82,
  title={Simple oscillations in photosynthesis of higher plants},
  author={Teruo, O.},
  journal={Biochim. Biophys. Acta (BBA)-Bioenergetics},
  issn={0005-2728},
  volume={681},
  number={1},
  year={1982},
  pages={103-109},
  doi={10.1016/0005-2728(82)90283-3}
}

% ?/david_thesis
@article {peuhk_tnh_83,
  title={Tricarboxylic acid cycle metabolites during ischemia in isolated perfused rat heart},
  author={Peuhkurinen, K. and Takala, T. and Nuutinen, E. and Hassinen, I.},
  journal={Am. J. Physiol.},
  issn={0002-9513},
  volume={244},
  number={2},
  year={1983},
  pages={H281-288},
  url={http://www.ncbi.nlm.nih.gov/pubmed/6824095},
  pubmed={6824095}
}

% ?/david_thesis
@article {silve_pspb_10,
  title={Metabolic cycling in single yeast cells from unsynchronized steady-state populations limited on glucose or phosphate},
  author={Silverman, S. and Petti, A. and Slavov, N. and Parsons, L. and Briehof, R. and Thiberge, S. and Zenklusen, D. and Gandhi, S. and Larson, D. and Singer, R. and Botstein, D.},
  journal={Proc. Natl. Acad. Sci. U.S.A.},
  issn={0027-8424},
  volume={107},
  number={15},
  year={2010},
  pages={6946-6951},
  doi={10.1073/pnas.1002422107},
  pubmed={20335538}
}

% ?/david_thesis
@article {blake_kcc_03,
  title={Noise in eukaryotic gene expression},
  author={Blake, W. and Kaern, M. and Cantor, C. and Collins, J.},
  journal={Nature},
  issn={0028-0836},
  volume={422},
  number={6932},
  year={2003},
  pages={633-637},
  doi={10.1038/nature01546},
  pubmed={12687005}
}

% ?/david_thesis
@article {rouss_i_11,
  title={Dynamics and mechanisms of oscillatory photosynthesis},
  author={Roussel, M. and Igamberdiev, A.},
  journal={BioSystems},
  issn={0303-2647},
  volume={103},
  number={2},
  year={2011},
  pages={230-238},
  doi={10.1016/j.biosystems.2010.07.020},
  pubmed={20739004}
}

% ?/david_thesis
@article {desro_lcc_04,
  title={A critical perspective of the use of $^{13}\hspace{-0.04cm}${C}-isotopomer analysis by {GCMS} and {NMR} as applied to cardiac metabolism},
  author={Des{ Rosiers}, C. and Lloyd, S. and Comte, B. and Chatham, J.},
  journal={Metab. Eng.},
  issn={1096-7176},
  volume={6},
  number={1},
  year={2004},
  pages={44-58},
  url={http://www.ncbi.nlm.nih.gov/pubmed/14734255},
  pubmed={14734255}
}

% ?/david_thesis
@article {noh_ww_06,
  title={Computational tools for isotopically instationary $^{13}\hspace{-0.04cm}${C} labeling experiments under metabolic steady state conditions},
  author={N{\"o}h, K. and Wahl, A. and Wiechert, W.},
  journal={Metab. Eng.},
  issn={1096-7176},
  volume={8},
  number={6},
  year={2006},
  pages={554-577},
  doi={10.1016/j.ymben.2006.05.006},
  pubmed={16890470}
}

% ?/david_thesis
@article {young_ways_08,
  title={An elementary metabolite unit (EMU) based method of isotopically nonstationary flux analysis},
  author={Young, J. and Walther, J. and Antoniewicz, M. and Yoo, H. and Stephanopoulos, G.},
  journal={Biotechnol. Bioeng.},
  issn={0006-3592},
  volume={99},
  number={3},
  year={2008},
  pages={686-699},
  doi={10.1002/bit.21632},
  pubmed={17787013}
}

% ?/david_thesis
@article {beard_q_07,
  title={Relationship between thermodynamic driving force and one-way fluxes in reversible processes},
  author={Beard, D. and Qian, H.},
  journal={PLoS ONE},
  issn={1932-6203},
  volume={2},
  number={1},
  year={2007},
  pages={e144},
  doi={10.1371/journal.pone.0000144},
  pubmed={17206279}
}

% ?/david_thesis
@article {urban_sfai_11,
  title={Carbon-13 labelling strategy for studying the ATP metabolism in individual yeast cells by micro-arrays for mass spectrometry},
  author={Urban, P. and Schmidt, A. and Fagerer, S. and Amantonico, A. and Iba{\~n}ez, A. and Jefimovs, K. and Heinemann, M. and Zenobi, R.},
  journal={Mol Biosyst},
  issn={1742-206X},
  volume={7},
  number={10},
  year={2011},
  pages={2837-2840},
  doi={10.1039/c1mb05248a},
  pubmed={21850345}
}

% ?/david_thesis
@article {shast_m_07,
  title={A transient isotopic labeling methodology for $^{13}\hspace{-0.04cm}${C} metabolic flux analysis of photoautotrophic microorganisms},
  author={Shastri, A. and Morgan, J.},
  journal={Phytochemistry},
  issn={0031-9422},
  volume={68},
  number={16-18},
  year={2007},
  pages={2302-2312},
  doi={10.1016/j.phytochem.2007.03.042},
  pubmed={17524438}
}

% ?/david_thesis
@article {svato_11,
  title={Single-cell metabolomics comes of age: new developments in mass spectrometry profiling and imaging},
  author={Svato{\v{s}}, A.},
  journal={Anal. Chem.},
  issn={0003-2700},
  volume={83},
  number={13},
  year={2011},
  pages={5037-5044},
  doi={10.1021/ac2003592},
  pubmed={21630635}
}

% ?/david_thesis
@article {ebert_zefh_10,
  title={Metabolic profiling of Arabidopsis thaliana epidermal cells},
  author={Ebert, B. and Z{\"o}ller, D. and Erban, A. and Fehrle, I. and Hartmann, J. and Niehl, A. and Kopka, J. and Fisahn, J.},
  journal={J. Exp. Bot.},
  issn={0022-0957},
  volume={61},
  number={5},
  year={2010},
  pages={1321-1335},
  doi={10.1093/jxb/erq002},
  pubmed={20150518}
}

% ?/david_thesis
@article {price_sp_04,
  title={Uniform sampling of steady-state flux spaces: means to design experiments and to interpret enzymopathies},
  author={Price, N. and Schellenberger, J. and Palsson, B.},
  journal={Biophys. J.},
  issn={0006-3495},
  volume={87},
  number={4},
  year={2004},
  pages={2172-2186},
  doi={10.1529/biophysj.104.043000},
  pubmed={15454420}
}

% ?/david_thesis
@article {quek_wnk_09,
  title={Open{FLUX}: efficient modelling software for $^{13}\hspace{-0.04cm}${C}-based metabolic flux analysis},
  author={Quek, L. and Wittmann, C. and Nielsen, L. and Kr{\"o}mer, J.},
  journal={Microb. Cell Fact.},
  issn={1475-2859},
  volume={8},
  year={2009},
  pages={25},
  doi={10.1186/1475-2859-8-25},
  pubmed={19409084}
}
